<record><leader>00000cas a22000007a 4500</leader><controlfield tag="001">20900532</controlfield><controlfield tag="008">900115d18811888mouwr ne      0    0eng d</controlfield><datafield ind1=" " ind2=" " tag="010"><subfield code="a">sn 90061062 </subfield></datafield><datafield ind1=" " ind2=" " tag="040"><subfield code="a">MQN</subfield><subfield code="b">eng</subfield><subfield code="c">MQN</subfield><subfield code="d">OCLCQ</subfield></datafield><datafield ind1=" " ind2=" " tag="042"><subfield code="a">msc</subfield></datafield><datafield ind1="0" ind2="0" tag="245"><subfield code="a">Kahoka herald.</subfield></datafield><datafield ind1="3" ind2="0" tag="246"><subfield code="a">Kahoka weekly herald</subfield></datafield><datafield ind1=" " ind2=" " tag="260"><subfield code="a">Kahoka, Clark County, Mo. :</subfield><subfield code="b">G.G. Childers</subfield></datafield><datafield ind1=" " ind2=" " tag="300"><subfield code="a">v.</subfield></datafield><datafield ind1=" " ind2=" " tag="310"><subfield code="a">Weekly</subfield></datafield><datafield ind1="1" ind2=" " tag="362"><subfield code="a">Ceased in 1888.</subfield></datafield><datafield ind1=" " ind2=" " tag="500"><subfield code="a">Published as: Kahoka weekly herald, &lt;Aug. 31, 1882&gt;.</subfield></datafield><datafield ind1=" " ind2=" " tag="588"><subfield code="a">Description based on: Vol. 1, no. 47 (Dec. 2, 1881).</subfield></datafield><datafield ind1=" " ind2="4" tag="651"><subfield code="a">Kahoka (Mo.)</subfield><subfield code="v">Newspapers.</subfield></datafield><datafield ind1=" " ind2=" " tag="752"><subfield code="a">United States</subfield><subfield code="b">Missouri</subfield><subfield code="c">Clark</subfield><subfield code="d">Kahoka.</subfield></datafield><datafield ind1="0" ind2="7" tag="785"><subfield code="t">Clark County gazette (Kahoka, Mo. : 1871)</subfield><subfield code="w">(DLC)sn 85033872</subfield></datafield><datafield ind1="0" ind2="7" tag="785"><subfield code="t">Kahoka gazette-herald</subfield><subfield code="w">(DLC)sn 90061063</subfield></datafield></record>